<record xmlns="http://www.loc.gov/MARC21/slim" xmlns:xsi="http://www.w3.org/2001/XMLSchema-instance" xsi:schemaLocation="http://www.loc.gov/MARC21/slim http://www.loc.gov/standards/marcxml/schema/MARC21slim.xsd"><leader>     nam a22        4500</leader><controlfield tag="001">001681982</controlfield><controlfield tag="003">NNU</controlfield><controlfield tag="006">m        d        </controlfield><controlfield tag="007">cr cn |||m|||a</controlfield><controlfield tag="008">150313s1960    iq a    ob    001 0baraod</controlfield><datafield ind1=" " ind2=" " tag="040"><subfield code="a">NNU</subfield><subfield code="b">eng</subfield><subfield code="c">NNU</subfield></datafield><datafield ind1="1" ind2=" " tag="041"><subfield code="a">araper</subfield><subfield code="h">per</subfield></datafield><datafield ind1="0" ind2=" " tag="050"><subfield code="a">PK6524</subfield><subfield code="b">.S35 1960</subfield></datafield><datafield ind1="1" ind2=" " tag="100"><subfield code="a">&#7778;arr&#257;f, A&#7717;mad &#7716;&#257;mid.</subfield></datafield><datafield ind1="1" ind2="0" tag="245"><subfield code="a">&#699;Umar al-Khayy&#257;m</subfield><subfield code="h">[electronic resource] :</subfield><subfield code="b">al-&#7717;ak&#299;m al-riy&#257;&#7693;&#299; al-falak&#299; al-N&#299;s&#257;b&#363;r&#299; ; &#7717;ay&#257;tuhu wa-s&#299;ratuh, &#699;a&#7779;ruhu al-siy&#257;s&#299;, &#699;a&#7779;ruhu al-&#699;ilm&#299;, &#699;ulam&#257;&#700; &#699;a&#7779;rih, adabuhu wa-falsafatuh, ma&#7779;&#257;dir falsafatih, nu&#7827;ar&#257;&#700;uh, rub&#257;&#699;&#299;y&#257;tuhu wa-ras&#257;&#700;iluh /</subfield><subfield code="c">ta&#700;l&#299;f wa tarjamat A&#7717;mad &#7716;&#257;mid al-&#7778;arr&#257;f.</subfield></datafield><datafield ind1=" " ind2=" " tag="250"><subfield code="a">al-&#7788;ab&#699;ah 2.</subfield></datafield><datafield ind1=" " ind2=" " tag="260"><subfield code="a">Baghd&#257;d :</subfield><subfield code="b">Ma&#7789;ba&#699;at al-Ma&#699;&#257;rif,</subfield><subfield code="c">1960.</subfield></datafield><datafield ind1=" " ind2=" " tag="300"><subfield code="a">online resource (384 p.) :</subfield><subfield code="b">ill.</subfield></datafield><datafield ind1=" " ind2=" " tag="500"><subfield code="a">Contains the Persian text of ther Rub&#257;&#699;&#299;y&#257;t, with the Arabic translation.</subfield></datafield><datafield ind1=" " ind2=" " tag="500"><subfield code="a">Added cover title: Omar Khayyam the philosopher, astronomer of Naisabur, his life, works and Rubaiyats, by Ahmad Hamid as-Sarraf.</subfield></datafield><datafield ind1=" " ind2=" " tag="500"><subfield code="a">Part of the Arabic Collections Online (ACO) project, contributed by New York Univeristy Libraries.</subfield></datafield><datafield ind1=" " ind2=" " tag="504"><subfield code="a">Includes indexes</subfield></datafield><datafield ind1=" " ind2=" " tag="504"><subfield code="a">Bibliography: . 362-366.</subfield></datafield><datafield ind1=" " ind2=" " tag="533"><subfield code="a">Electronic reproduction.</subfield><subfield code="b">New York, N.Y. :</subfield><subfield code="c">New York University,</subfield><subfield code="d">2015.</subfield><subfield code="5">NNU</subfield></datafield><datafield ind1="0" ind2="0" tag="600"><subfield code="a">Omar Khayyam.</subfield></datafield><datafield ind1="0" ind2=" " tag="700"><subfield code="a">Omar Khayyam</subfield><subfield code="t">Rub&#257;&#699;&#299;y&#257;t.</subfield><subfield code="l">Arabic.</subfield></datafield><datafield ind1="2" ind2=" " tag="710"><subfield code="a">New York University.</subfield><subfield code="b">Libraries.</subfield></datafield><datafield ind1="0" ind2=" " tag="730"><subfield code="a">Arabic Collections Online.</subfield></datafield><datafield ind1="0" ind2="8" tag="776"><subfield code="i">Print version:</subfield><subfield code="a">&#7778;arr&#257;f, A&#7717;mad &#7716;&#257;mid.</subfield><subfield code="t">&#699;Umar al-Khayy&#257;m</subfield><subfield code="w">(NNU)001681982</subfield><subfield code="w">(DLC)ne 65000591</subfield></datafield><datafield ind1="4" ind2="0" tag="856"><subfield code="u">http://hdl.handle.net/2333.1/djh9w36v</subfield></datafield><datafield ind1=" " ind2=" " tag="959"><subfield code="a">NNU</subfield><subfield code="b">WEB</subfield><subfield code="c">GENI</subfield><subfield code="t">0</subfield><subfield code="m">Electronic access</subfield><subfield code="s">01</subfield></datafield><datafield ind1=" " ind2=" " tag="999"><subfield code="i">NNU_001681982</subfield><subfield code="s">nyu_aco000593</subfield><subfield code="e">(ERROR-880)</subfield></datafield></record>